@misc{Debot:2016:CHM,
 author = {Nikan Chavoshi, Hossein Hamooni, Abdullah Mueen},
 title = {DeBot: Twitter Bot Detection via Warped Correlation},
 school = {University of New Mexico},
 month = {December},
 year = {2016}
} 

@article{Multievents,
 author = {Xiaowen Dong and Mavroeidis D. and Calabrese and Pascal Frossard},
 title = {Multiscale event detection in social media},
 journal = {Data Min Knowl Disc},
 month = {June},
 year = {2015},
 doi = {10.1007/s10618-015-0421-2}
}

@misc{Robots,
	title = {How twitter bots fool you into thinking they are real people.},
	url = {http://www.fastcompany.com/3031500/how-twitter-bots-fool-you-into-thinking//-they-are-real-people.}
}